<?xml version='1.0' encoding='UTF-8'?>
<record xmlns="http://www.loc.gov/MARC21/slim">
  <leader>01444cam a2200349   4500</leader>
  <controlfield tag="001">2760150</controlfield>
  <controlfield tag="003">NjP</controlfield>
  <controlfield tag="005">20170516151337.0</controlfield>
  <controlfield tag="008">910219s1968    iq       b    000 0 arar </controlfield>
  <datafield tag="024" ind1="7" ind2=" ">
    <subfield code="a">princeton_aco002929</subfield>
    <subfield code="2">local</subfield>
  </datafield>
  <datafield ind1=" " ind2=" " tag="010">
    <subfield code="a">   74255790 </subfield>
  </datafield>
  <datafield ind1=" " ind2=" " tag="035">
    <subfield code="a">(OCoLC)ocn178287245</subfield>
  </datafield>
  <datafield ind1=" " ind2=" " tag="035">
    <subfield code="a">(OCoLC)ocm23121410</subfield>
  </datafield>
  <datafield ind1=" " ind2=" " tag="040">
    <subfield code="a">DLC</subfield>
    <subfield code="c">PUL</subfield>
    <subfield code="d">PUL</subfield>
  </datafield>
  <datafield ind1=" " ind2=" " tag="035">
    <subfield code="a">(OCoLC)178287245</subfield>
  </datafield>
  <datafield ind1=" " ind2=" " tag="035">
    <subfield code="9">CNF4537TS</subfield>
  </datafield>
  <datafield ind1=" " ind2=" " tag="035">
    <subfield code="a">(NjP)2760150</subfield>
  </datafield>
  <datafield ind1="0" ind2=" " tag="050">
    <subfield code="a">BP136.48</subfield>
    <subfield code="b">.M3</subfield>
  </datafield>
  <datafield ind1=" " ind2=" " tag="079">
    <subfield code="a">ocm23121410</subfield>
  </datafield>
  <datafield ind1=" " ind2=" " tag="049">
    <subfield code="a">PULL</subfield>
  </datafield>
  <datafield ind1="1" ind2=" " tag="100">
    <subfield code="6">880-01</subfield>
    <subfield code="a">Maʻrūf, Bashshār ʻAwwād.</subfield>
  </datafield>
  <datafield ind1="1" ind2="3" tag="245">
    <subfield code="6">880-02</subfield>
    <subfield code="a">al-Mundhirī wa-kitābuhu al-Takmilah li-wafayāt al-naqalah</subfield>
    <subfield code="c">[taʼlīf] Bashshār ʻAwwād Maʻrūf.</subfield>
  </datafield>
  <datafield ind1=" " ind2=" " tag="260">
    <subfield code="6">880-03</subfield>
    <subfield code="a">al-Najaf,</subfield>
    <subfield code="b">Maṭbaʻat al-Ādāb,</subfield>
    <subfield code="c">1968.</subfield>
  </datafield>
  <datafield ind1=" " ind2=" " tag="300">
    <subfield code="a">384 p.</subfield>
    <subfield code="c">24 cm.</subfield>
  </datafield>
  <datafield ind1=" " ind2=" " tag="500">
    <subfield code="a">Cover title: al-Mundhiri and his book al-Takmila, by Bashar A. Marouf.</subfield>
  </datafield>
  <datafield ind1=" " ind2=" " tag="504">
    <subfield code="a">Bibliography: p. 296-323.</subfield>
  </datafield>
  <datafield ind1="1" ind2="0" tag="600">
    <subfield code="6">880-04</subfield>
    <subfield code="a">Mundhirī, ʻAbd al-ʻAẓīm ibn ʻAbd al-Qawī,</subfield>
    <subfield code="d">1185-1258.</subfield>
    <subfield code="t">Takmilah li-wafayāt al-naqalah.</subfield>
  </datafield>
  <datafield ind1="1" ind2=" " tag="880">
    <subfield code="6">100-01/r</subfield>
    <subfield code="a">معروف، بشار عواد.</subfield>
  </datafield>
  <datafield ind1="1" ind2="2" tag="880">
    <subfield code="6">245-02/r</subfield>
    <subfield code="a">المنذري وكتابه التكملة لوفيات النقلة</subfield>
    <subfield code="c">[تأليف] بشار عواد معروف.</subfield>
  </datafield>
  <datafield ind1=" " ind2=" " tag="880">
    <subfield code="6">260-03/r</subfield>
    <subfield code="a">النجف،</subfield>
    <subfield code="b">مطبعة الاداب،</subfield>
    <subfield code="c">1968.</subfield>
  </datafield>
  <datafield ind1="1" ind2="0" tag="880">
    <subfield code="6">600-04/r</subfield>
    <subfield code="a">منذري، عبد العظيم بن عبد القوي،</subfield>
    <subfield code="d">1185-1258.</subfield>
    <subfield code="t">تكملة لوفيات النقلة.</subfield>
  </datafield>
  <datafield ind1=" " ind2=" " tag="911">
    <subfield code="a">20000130</subfield>
  </datafield>
  <datafield ind1=" " ind2=" " tag="994">
    <subfield code="a">C0</subfield>
    <subfield code="b">PUL</subfield>
  </datafield>
  <datafield ind1=" " ind2=" " tag="999">
    <subfield code="a">2760150</subfield>
  </datafield>
  <datafield ind1="0" ind2="0" tag="852">
    <subfield code="0">3070928</subfield>
    <subfield code="b">rcppa</subfield>
    <subfield code="h">BP136.48</subfield>
    <subfield code="i">.M3 1968</subfield>
    <subfield code="x">tr fr nec</subfield>
  </datafield>
  <datafield ind1=" " ind2=" " tag="959">
    <subfield code="a">2009-06-30 16:52:42 -0500</subfield>
  </datafield>
</record>
